
@Article{vgg,
	author = 	 {Muneeb ul Hassan},
	title = 	 {VGG16 – Convolutional Network for Classification and Detection},
	journal = 	 {Neurohive},
	year = 	 2018,
	url = {https://neurohive.io/en/popular-networks/vgg16/}
}

@Article{unet,
	author = 	 {Peter Hönigschmid},
	title = 	 {U-net, dropout, augmentation, stratification},
	journal = 	 {Kaggle},
	year = 	 2018,
	url = {https://www.kaggle.com/phoenigs/u-net-dropout-augmentation-stratification}
}

@Article{bn,
	author = 	 {Jason Brownlee},
	title = 	 {A Gentle Introduction to Batch Normalization for Deep Neural Networks},
	journal = 	 {Machine Learning Mastery},
	year = 	 2019,
	url = {https://machinelearningmastery.com/batch-normalization-for-training-of-deep-neural-networks/}
}

@Website{keras,
	author = 	 {Google},
	url = {https://www.tensorflow.org/api_docs/python/tf/keras/layers/SpatialDropout2D}
}

@Website{stack,
	author = 	 {StackExchange},
	url = {https://stats.stackexchange.com/questions/282282/how-is-spatial-dropout-in-2d-implemented}
}


@Paper{final,
	author = 	 {Shaofeng Cai, Yao Shu, Wei Wang, Gang Chen,Member, and Beng Chin Ooi},
	title = 	 {Efficient and Effective Dropout for DeepConvolutional Neural Networks},
	journal = 	 {IEEE},
	year = 	 2020,
	page = 8,
	url = {https://arxiv.org/pdf/1904.03392.pdf}
}


